
@article{rsa,
    author={Rivest, R.L. and Shamir, A. and Adleman, L},
    year={1978},
    title={A Method for Obtaining Digital Signatures and Public-Key Cryptosystems},
    doi={10.1145/359340.359342}
}
